<record><leader>00000cas a22000007a 4500</leader><controlfield tag="001">13223744</controlfield><controlfield tag="008">860303d19201931pauwr ne      0    0eng d</controlfield><datafield ind1=" " ind2=" " tag="010"><subfield code="a">sn 86081152 </subfield></datafield><datafield ind1=" " ind2=" " tag="040"><subfield code="a">NPH</subfield><subfield code="b">eng</subfield><subfield code="c">NPH</subfield><subfield code="d">NPX</subfield><subfield code="d">OCLCQ</subfield></datafield><datafield ind1=" " ind2=" " tag="042"><subfield code="a">msc</subfield></datafield><datafield ind1="0" ind2="4" tag="245"><subfield code="a">The Potter enterprise and the Potter independent.</subfield></datafield><datafield ind1="1" ind2="3" tag="246"><subfield code="a">Potter independent Potter enterprise</subfield></datafield><datafield ind1=" " ind2=" " tag="260"><subfield code="a">Coudersport, Pa. :</subfield><subfield code="b">Bernard and Fish,</subfield><subfield code="c">1920-1931.</subfield></datafield><datafield ind1=" " ind2=" " tag="300"><subfield code="a">11 v.</subfield></datafield><datafield ind1=" " ind2=" " tag="310"><subfield code="a">Weekly</subfield></datafield><datafield ind1="1" ind2=" " tag="362"><subfield code="a">Vol. 46, no. 44 (Apr. 1, 1920)-v. 58, no. 10 (July 30, 1931).</subfield></datafield><datafield ind1=" " ind2=" " tag="752"><subfield code="a">United States</subfield><subfield code="b">Pennsylvania</subfield><subfield code="c">Potter</subfield><subfield code="d">Coudersport.</subfield></datafield><datafield ind1="0" ind2="4" tag="780"><subfield code="t">Potter enterprise (Coudersport, Pa. : 1874)</subfield><subfield code="w">(DLC)sn 85038441</subfield></datafield><datafield ind1="0" ind2="4" tag="780"><subfield code="t">Potter independent</subfield><subfield code="w">(DLC)sn 86081153</subfield></datafield><datafield ind1="0" ind2="0" tag="785"><subfield code="t">Potter independent the Potter enterprise</subfield><subfield code="w">(DLC)sn 86081151</subfield></datafield></record>